@article{SimulatedAnnealing01,
        author = "Bertsimas, Dimitris and John Tsitsiklis",
        title = "Simulated Annealing",
        year = "1993",
        publisher = "Statistical Science, Vol. 8, No. 1, 10-15"
    }
